Quarter Ended,2023-09-30,2023-06-30,2023-03-31,2022-12-31,2022-09-30,2022-06-30,2022-03-31,2021-12-31,2021-09-30,2021-06-30,2021-03-31,2020-12-31,2020-09-30,2020-06-30,2020-03-31,2019-12-31,2019-09-30,2019-06-30,2019-03-31,2018-12-31,2018-09-30,2018-06-30,2018-03-31,2017-12-31,2017-09-30,2017-06-30,2017-03-31,2016-12-31,2016-09-30,2016-06-30,2016-03-31,2015-12-31,2015-09-30,2015-06-30,2015-03-31,2014-12-31,2014-09-30,2014-06-30,2014-03-31,2013-12-31,+71 Quarters
Revenue,"9,212","9,146","8,864","9,186","8,951","8,953","8,376","8,657","8,473","8,808","8,454","8,900","7,797","7,477","8,463","9,496","9,086","9,243","8,884","9,729","10,762","10,919","10,392","10,843","10,121","10,078","9,492","9,985","9,804","9,991","9,522","9,982","9,611","9,775","9,213","10,266","10,108","10,253","9,679","10,387",Upgrade
Revenue Growth (YoY),2.92%,2.16%,5.83%,6.11%,5.64%,1.65%,-0.92%,-2.73%,8.67%,17.80%,-0.11%,-6.28%,-14.19%,-19.11%,-4.74%,-2.39%,-15.57%,-15.35%,-14.51%,-10.27%,6.33%,8.34%,9.48%,8.59%,3.23%,0.87%,-0.32%,0.03%,2.01%,2.21%,3.35%,-2.77%,-4.92%,-4.66%,-4.81%,-1.16%,4.78%,5.78%,3.76%,8.41%,Upgrade
Cost of Revenue,"5,670","5,626","5,498","6,124","5,594","5,660","5,324","5,936","5,746","6,003","5,709","5,976","5,383","5,276","5,534","6,328","6,038","6,094","5,879","6,685","7,556","7,614","7,191","7,540","7,054","7,024","6,529","7,406","6,903","6,821","6,547","6,917","6,654","6,814","6,362","7,566","7,128","7,296","6,967","7,612",Upgrade
Gross Profit,"3,542","3,520","3,366","3,062","3,357","3,293","3,052","2,721","2,727","2,805","2,745","2,924","2,414","2,201","2,929","3,168","3,048","3,149","3,005","3,044","3,206","3,305","3,201","3,303","3,067","3,054","2,963","2,579","2,901","3,170","2,975","3,065","2,957","2,961","2,851","2,700","2,980","2,957","2,712","2,775",Upgrade
"Selling, General & Admin","1,252","1,262","1,317","1,249","1,228","1,306","1,431","1,203","1,152","1,207","1,236","1,248","1,103","1,183","1,238","1,473","1,296","1,387","1,363","1,524","1,524","1,528","1,475","1,684","1,524","1,456","1,422","1,598","1,367","1,329","1,280","1,332","1,202","1,242","1,230","1,460","1,344","1,375","1,339","1,438",Upgrade
Research & Development,364,375,357,0,387,386,350,0,0,0,0,0,0,0,0,0,0,0,0,0,0,0,0,0,0,0,0,0,0,0,0,0,0,0,0,0,0,0,0,0,Upgrade
Other Operating Expenses,-247,-208,-260,0,-337,-190,-319,0,0,0,0,0,0,0,0,0,0,0,0,0,0,0,0,0,0,0,0,0,0,0,0,0,0,0,0,0,0,0,0,0,Upgrade
Operating Expenses,"1,369","1,429","1,414","1,249","1,278","1,502","1,462","1,203","1,152","1,207","1,236","1,248","1,103","1,183","1,238","1,473","1,296","1,387","1,363","1,524","1,524","1,528","1,475","1,684","1,524","1,456","1,422","1,598","1,367","1,329","1,280","1,332","1,202","1,242","1,230","1,460","1,344","1,375","1,339","1,438",Upgrade
Operating Income,"2,173","2,091","1,952","1,813","2,079","1,791","1,590","1,518","1,575","1,598","1,509","1,676","1,311","1,018","1,691","1,695","1,752","1,762","1,642","1,520","1,682","1,777","1,726","1,619","1,543","1,598","1,541",981,"1,534","1,841","1,695","1,733","1,755","1,719","1,621","1,240","1,636","1,582","1,373","1,337",Upgrade
Interest Expense / Income,206,187,170,144,98,87,85,80,90,83,90,95,101,90,73,91,96,85,85,90,99,95,83,81,81,79,75,86,82,85,85,84,72,77,77,82,77,80,79,83,Upgrade
Other Expense / Income,1,14,14,482,-3,2,-,-341,-199,-349,-421,-109,85,-273,-292,-136,-287,-290,-265,-271,-257,-303,-255,-117,-299,-251,-252,-531,-172,9,-8,5,-12,8,10,-127,4,6,-98,-168,Upgrade
Pretax Income,"1,966","1,890","1,768","1,187","1,984","1,702","1,505","1,779","1,684","1,864","1,840","1,690","1,125","1,201","1,910","1,740","1,943","1,967","1,822","1,701","1,840","1,985","1,898","1,655","1,761","1,770","1,718","1,426","1,624","1,747","1,618","1,644","1,695","1,634","1,534","1,285","1,555","1,496","1,392","1,422",Upgrade
Income Tax,452,403,374,168,432,441,371,351,427,434,413,331,367,120,329,178,319,426,406,-20,-498,718,459,"4,174",416,378,392,389,384,428,402,450,431,440,418,329,388,397,375,475,Upgrade
Net Income,"1,514","1,487","1,394","1,019","1,552","1,261","1,134","1,428","1,257","1,430","1,427","1,359",758,"1,081","1,581","1,562","1,624","1,541","1,416","1,721","2,338","1,267","1,439","-2,519","1,345","1,392","1,326","1,037","1,240","1,319","1,216","1,194","1,264","1,194","1,116",956,"1,167","1,099","1,017",947,Upgrade
Net Income Growth,-2.45%,17.92%,22.93%,-28.64%,23.47%,-11.82%,-20.53%,5.08%,65.83%,32.28%,-9.74%,-13.00%,-53.33%,-29.85%,11.65%,-9.24%,-30.54%,21.63%,-1.60%,-,73.83%,-8.98%,8.52%,-,8.47%,5.53%,9.05%,-13.15%,-1.90%,10.47%,8.96%,24.90%,8.31%,8.64%,9.73%,0.95%,17.88%,7.64%,5.28%,277.29%,Upgrade
Shares Outstanding (Basic),664,666,668,672,674,681,686,688,690,695,696,702,702,702,713,715,720,728,729,740,743,747,752,762,761,762,761,762,761,762,769,771,782,782,783,783,783,783,784,785,Upgrade
Shares Change,-1.44%,-2.21%,-2.58%,-2.34%,-2.42%,-1.99%,-1.39%,-1.89%,-1.62%,-1.04%,-2.40%,-1.80%,-2.46%,-3.56%,-2.26%,-3.48%,-3.11%,-2.57%,-3.05%,-2.83%,-2.36%,-2.02%,-1.21%,-0.04%,-0.04%,0.03%,-1.06%,-1.11%,-2.67%,-2.51%,-1.70%,-1.55%,-0.10%,-0.18%,-0.19%,-0.24%,-0.29%,-0.47%,0.04%,0.17%,Upgrade
EPS (Basic),2.29,2.24,2.09,1.52,2.30,1.86,1.66,2.08,1.82,2.06,2.05,1.94,1.08,1.54,2.23,2.19,2.26,2.13,1.94,2.34,3.15,1.70,1.92,-3.30,1.76,1.82,1.74,1.37,1.62,1.73,1.58,1.54,1.62,1.52,1.42,1.22,1.49,1.40,1.30,1.21,Upgrade
EPS (Diluted),2.27,2.22,2.07,1.51,2.28,1.84,1.64,2.05,1.80,2.04,2.03,1.91,1.07,1.53,2.21,2.16,2.23,2.10,1.92,2.31,3.11,1.68,1.89,-3.26,1.74,1.80,1.71,1.35,1.60,1.70,1.56,1.53,1.60,1.51,1.41,1.20,1.47,1.38,1.28,1.19,Upgrade
EPS Growth,-0.44%,20.65%,26.22%,-26.34%,26.67%,-9.80%,-19.21%,7.33%,68.22%,33.33%,-8.14%,-11.57%,-52.02%,-27.14%,15.10%,-6.49%,-28.30%,25.00%,1.59%,-,78.74%,-6.67%,10.53%,-,8.75%,5.88%,9.62%,-11.76%,0%,12.58%,10.64%,27.50%,8.84%,9.42%,10.16%,0.84%,18.55%,7.81%,5.79%,283.87%,Upgrade
Free Cash Flow,"1,568","1,129",-966,"2,143","1,899",632,-137,"2,391",915,"1,093",771,"2,531",768,"1,253",807,"2,281","1,310","1,515",995,"1,264","1,696","1,663",998,"1,794","1,216","1,215",796,"1,713","1,283","1,302",126,"1,587","1,450","1,167",257,"1,410",975,"1,116",503,"1,276",Upgrade
Free Cash Flow Per Share,2.36,1.70,-1.45,3.19,2.82,0.93,-0.20,3.47,1.32,1.57,1.11,3.61,1.09,1.78,1.13,3.19,1.82,2.08,1.36,1.71,2.28,2.23,1.33,2.35,1.60,1.59,1.05,2.25,1.69,1.71,0.16,2.06,1.85,1.49,0.33,1.80,1.25,1.43,0.64,1.63,Upgrade
Dividend Per Share,1.030,1.030,1.030,1.030,0.980,0.980,0.980,0.980,0.930,0.930,0.930,0.930,0.900,0.900,0.900,0.900,0.820,0.820,0.820,0.820,0.745,0.745,0.745,0.745,0.665,0.665,0.665,0.665,0.595,0.595,0.595,0.595,0.517,0.517,0.517,0.517,0.450,0.450,0.450,0.450,Upgrade
Dividend Growth,5.10%,5.10%,5.10%,5.10%,5.38%,5.38%,5.38%,5.38%,3.33%,3.33%,3.33%,3.33%,9.76%,9.76%,9.76%,9.76%,10.07%,10.07%,10.07%,10.07%,12.03%,12.03%,12.03%,12.03%,11.76%,11.76%,11.76%,11.76%,15.09%,15.09%,15.09%,15.09%,14.89%,14.89%,14.89%,14.89%,9.76%,9.76%,9.76%,9.76%,Upgrade
Gross Margin,38.45%,38.49%,37.97%,33.33%,37.50%,36.78%,36.44%,31.43%,32.18%,31.85%,32.47%,32.85%,30.96%,29.44%,34.61%,33.36%,33.55%,34.07%,33.82%,31.29%,29.79%,30.27%,30.80%,30.46%,30.30%,30.30%,31.22%,25.83%,29.59%,31.73%,31.24%,30.71%,30.77%,30.29%,30.95%,26.30%,29.48%,28.84%,28.02%,26.72%,Upgrade
Operating Margin,23.59%,22.86%,22.02%,19.74%,23.23%,20.00%,18.98%,17.53%,18.59%,18.14%,17.85%,18.83%,16.81%,13.62%,19.98%,17.85%,19.28%,19.06%,18.48%,15.62%,15.63%,16.27%,16.61%,14.93%,15.25%,15.86%,16.23%,9.82%,15.65%,18.43%,17.80%,17.36%,18.26%,17.59%,17.59%,12.08%,16.19%,15.43%,14.19%,12.87%,Upgrade
Profit Margin,16.44%,16.26%,15.73%,11.09%,17.34%,14.08%,13.54%,16.50%,14.84%,16.24%,16.88%,15.27%,9.72%,14.46%,18.68%,16.45%,17.87%,16.67%,15.94%,17.69%,21.72%,11.60%,13.85%,-23.23%,13.29%,13.81%,13.97%,10.39%,12.65%,13.20%,12.77%,11.96%,13.15%,12.21%,12.11%,9.31%,11.55%,10.72%,10.51%,9.12%,Upgrade
Free Cash Flow Margin,17.02%,12.34%,-10.90%,23.33%,21.22%,7.06%,-1.64%,27.62%,10.80%,12.41%,9.12%,28.44%,9.85%,16.76%,9.54%,24.02%,14.42%,16.39%,11.20%,12.99%,15.76%,15.23%,9.60%,16.55%,12.01%,12.06%,8.39%,17.16%,13.09%,13.03%,1.32%,15.90%,15.09%,11.94%,2.79%,13.73%,9.65%,10.88%,5.20%,12.28%,Upgrade
Effective Tax Rate,22.99%,21.32%,21.15%,14.15%,21.77%,25.91%,24.65%,19.73%,25.36%,23.28%,22.45%,19.59%,32.62%,9.99%,17.23%,10.23%,16.42%,21.66%,22.28%,-1.18%,-27.07%,36.17%,24.18%,252.21%,23.62%,21.36%,22.82%,27.28%,23.65%,24.50%,24.85%,27.37%,25.43%,26.93%,27.25%,25.60%,24.95%,26.54%,26.94%,33.40%,Upgrade
EBITDA,"2,480","2,361","2,221","1,630","2,382","2,064","1,920","2,149","2,082","2,231","2,271","2,039","1,481","1,541","2,226","2,100","2,302","2,347","2,168","2,045","2,225","2,368","2,269","2,019","2,127","2,125","2,064","1,769","1,966","2,092","1,956","1,950","1,986","1,937","1,827","1,593","1,859","1,809","1,709","1,754",Upgrade
EBITDA Margin,26.92%,25.81%,25.06%,17.74%,26.61%,23.05%,22.92%,24.82%,24.57%,25.33%,26.86%,22.91%,18.99%,20.61%,26.30%,22.11%,25.34%,25.39%,24.40%,21.02%,20.67%,21.69%,21.83%,18.62%,21.02%,21.09%,21.74%,17.72%,20.05%,20.94%,20.54%,19.54%,20.66%,19.82%,19.83%,15.52%,18.39%,17.64%,17.66%,16.89%,Upgrade
Depreciation & Amortization,308,284,283,299,300,275,330,290,308,284,341,254,255,250,243,269,263,295,261,254,286,288,288,283,285,276,271,257,260,260,253,222,219,226,216,226,227,233,238,249,Upgrade
EBIT,"2,172","2,077","1,938","1,331","2,082","1,789","1,590","1,859","1,774","1,947","1,930","1,785","1,226","1,291","1,983","1,831","2,039","2,052","1,907","1,791","1,939","2,080","1,981","1,736","1,842","1,849","1,793","1,512","1,706","1,832","1,703","1,728","1,767","1,711","1,611","1,367","1,632","1,576","1,471","1,505",Upgrade
EBIT Margin,23.58%,22.71%,21.86%,14.49%,23.26%,19.98%,18.98%,21.47%,20.94%,22.10%,22.83%,20.06%,15.72%,17.27%,23.43%,19.28%,22.44%,22.20%,21.47%,18.41%,18.02%,19.05%,19.06%,16.01%,18.20%,18.35%,18.89%,15.14%,17.40%,18.34%,17.88%,17.31%,18.39%,17.50%,17.49%,13.32%,16.15%,15.37%,15.20%,14.49%,Upgrade
