Quarter Ended,2023-09-30,2023-06-30,2023-03-31,2022-12-31,2022-09-30,2022-06-30,2022-03-31,2021-12-31,2021-09-30,2021-06-30,2021-03-31,2020-12-31,2020-09-30,2020-06-30,2020-03-31,2019-12-31,2019-09-30,2019-06-30,2019-03-31,2018-12-31,2018-09-30,2018-06-30,2018-03-31,2017-12-31,2017-09-30,2017-06-30,2017-03-31,2016-12-31,2016-09-30,2016-06-30,2016-03-31,2015-12-31,2015-09-30,2015-06-30,2015-03-31,2014-12-31,2014-09-30,2014-06-30,2014-03-31,2013-12-31,+113 Quarters
Revenue,"14,753","15,475","14,252","16,691","14,107","15,536","14,198","3,259","17,618","18,745","17,729","20,368","17,561","18,123","17,570","21,777","18,027","19,161","18,181","21,760","18,755","20,003","19,071","22,543","19,153","19,289","18,155","21,771","19,227","20,239","18,684","22,060","19,280","20,813","19,590","24,113","22,397","24,363","22,483","27,699",Upgrade
Revenue Growth (YoY),4.58%,-0.39%,0.38%,412.15%,-19.93%,-17.12%,-19.92%,-84.00%,0.32%,3.43%,0.90%,-6.47%,-2.59%,-5.42%,-3.36%,0.08%,-3.88%,-4.21%,-4.67%,-3.47%,-2.08%,3.70%,5.05%,3.55%,-0.38%,-4.69%,-2.83%,-1.31%,-0.27%,-2.76%,-4.62%,-8.51%,-13.92%,-14.57%,-12.87%,-12.95%,-5.58%,-2.25%,-3.95%,-5.48%,Upgrade
Cost of Revenue,"6,729","6,974","6,743","7,058","6,677","7,246","6,862","-2,849","9,447","9,741","9,525","9,844","9,130","9,423","9,649","10,677","9,692","10,151","10,139","11,073","9,953","10,804","10,825","11,681","10,353","10,495","10,383","10,877","10,213","10,536","9,999","10,652","9,844","10,423","10,138","11,251","11,523","12,389","11,941","13,383",Upgrade
Gross Profit,"8,024","8,501","7,509","9,633","7,430","8,290","7,336","6,108","8,171","9,004","8,204","10,524","8,431","8,700","7,921","11,100","8,335","9,010","8,042","10,687","8,802","9,199","8,246","10,862","8,800","8,794","7,772","10,894","9,014","9,703","8,685","11,408","9,436","10,390","9,452","12,862","10,874","11,974","10,542","14,316",Upgrade
Selling & Marketing,0,372,314,302,297,395,336,314,349,399,352,390,361,363,428,413,381,421,432,335,323,407,401,355,337,390,363,276,341,361,348,322,315,341,313,316,306,347,338,323,Upgrade
General & Administrative,0,"4,276","4,294","4,179","3,832","4,177","3,965","2,770","4,100","4,698","4,575","6,580","4,011","4,531","5,186","4,690","4,354","4,923","4,141","4,248","3,926","4,301","4,921","4,662","4,178","4,625","4,643","4,571","4,287","4,826","5,468","4,708","4,318","4,693","4,887","5,515","4,778","5,095","5,804","5,494",Upgrade
Research & Development,"1,685","1,687","1,655","1,604","1,611","1,673","1,679","1,581","1,621","1,657","1,630","1,611","1,515","1,582","1,625","1,596","1,553","1,407","1,433","1,358","1,252","1,364","1,405","1,427","1,342","1,484","1,533","1,431","1,397","1,465","1,458","1,362","1,287","1,300","1,298","1,320","1,354","1,457","1,501","1,565",Upgrade
Other Operating Expenses,215,-248,-180,-245,-121,-176,-121,129,268,103,101,-18,140,151,224,135,110,-127,-4,-78,-165,-141,-207,-234,-183,-238,-315,-389,-392,-229,-118,-113,-115,-56,-94,-106,-49,-97,-115,-108,Upgrade
Operating Expenses,"5,953","6,339","6,328","6,124","5,881","6,352","6,155","4,794","6,338","6,857","6,658","8,563","6,027","6,627","7,463","6,834","6,398","6,624","6,002","5,863","5,336","5,931","6,520","6,210","5,674","6,261","6,224","5,889","5,633","6,423","7,156","6,279","5,805","6,278","6,404","7,045","6,389","6,802","7,528","7,274",Upgrade
Operating Income,"1,714","2,423","1,425","3,625","-4,206","2,019",934,"3,171","1,833","2,147","1,546","1,960","2,096","2,073",459,"4,266","1,568","2,386","1,900","4,824","3,345","3,268","1,632","4,652","2,996","2,420","1,548","5,004","3,245","3,279","1,530","5,127","3,530","4,015","2,959","5,817","4,485","5,058","3,015","7,042",Upgrade
Interest Income,0,201,170,64,53,28,17,13,14,11,14,15,15,23,51,48,63,167,70,77,70,47,71,42,38,34,30,32,22,29,24,20,16,18,19,25,21,22,22,18,Upgrade
Interest Expense,412,423,367,313,295,297,311,303,291,281,280,317,323,323,326,354,432,348,210,193,191,173,165,164,168,147,135,157,158,167,147,128,117,115,108,117,126,136,105,113,Upgrade
Other Expense / Income,-561,199,177,223,53,101,-54,141,238,325,376,277,-37,203,235,-33,-322,-562,-120,275,226,365,399,62,-199,-135,22,-102,-153,92,377,-82,-180,-229,-42,"-1,339","3,456",-227,-48,-15,Upgrade
Pretax Income,"1,873","2,000","1,058","3,312","-4,501","1,722",623,"2,869","1,319","1,552",905,"1,289","1,827","1,571",-49,"3,993","1,522","2,768","1,883","4,434","2,996","2,776","1,136","4,469","3,065","2,443","1,424","4,986","3,263","3,049","1,034","5,098","3,621","4,224","3,001","7,094","4,361","5,171","2,980","6,962",Upgrade
Income Tax,159,419,124,443,"-1,287",257,-39,407,188,227,-51,25,128,209,"-1,226",324,-151,269,289,"2,481",304,373,-540,"5,522",339,111,-329,480,409,544,-983,638,659,698,585,"1,580",906,"1,034",596,777,Upgrade
Net Income,"1,704","1,583",927,"2,710","-3,214","1,392",733,"2,333","1,130","1,325",955,"1,356","1,697","1,361","1,175","3,669","1,672","2,498","1,591","1,952","2,694","2,404","1,679","-1,054","2,726","2,331","1,750","4,501","2,853","2,505","2,013","4,463","2,950","3,449","2,327","5,484",18,"4,137","2,384","6,185",Upgrade
Net Income Growth,-,13.72%,26.47%,16.16%,-,5.06%,-23.25%,72.05%,-33.41%,-2.65%,-18.72%,-63.04%,1.50%,-45.52%,-26.15%,87.96%,-37.94%,3.91%,-5.24%,-,-1.17%,3.13%,-4.06%,-,-4.45%,-6.95%,-13.07%,0.85%,-3.29%,-27.37%,-13.49%,-18.62%,16288.89%,-16.63%,-2.39%,-11.33%,-99.55%,28.24%,-21.37%,6.03%,Upgrade
Shares Outstanding (Basic),913,910,908,906,904,902,899,898,897,895,894,893,891,889,888,887,886,886,890,901,911,915,921,925,929,935,942,949,954,957,962,969,975,982,988,990,992,"1,000","1,035","1,073",Upgrade
Shares Outstanding (Diluted),924,920,918,916,904,911,909,907,906,904,902,899,897,895,895,894,893,891,894,905,915,919,925,929,933,940,948,953,957,961,964,973,979,987,992,995,998,"1,005","1,042","1,080",Upgrade
Shares Change,2.17%,0.97%,0.94%,1.03%,-0.21%,0.72%,0.83%,0.85%,0.97%,1.04%,0.75%,0.59%,0.50%,0.46%,0.12%,-1.27%,-2.45%,-3.11%,-3.40%,-2.55%,-1.93%,-2.15%,-2.36%,-2.50%,-2.52%,-2.18%,-1.72%,-2.07%,-2.22%,-2.66%,-2.81%,-2.27%,-1.87%,-1.83%,-4.75%,-7.83%,-9.20%,-9.40%,-7.31%,-4.96%,Upgrade
EPS (Basic),1.87,1.74,1.02,2.99,-3.55,1.54,0.74,2.74,1.26,1.48,1.07,1.52,1.90,1.53,1.32,4.14,1.89,2.82,1.79,2.17,2.95,2.63,1.82,-1.14,2.93,2.49,1.86,4.74,2.99,2.62,2.09,4.60,3.03,3.51,2.36,5.54,0.02,4.14,2.30,5.77,Upgrade
EPS (Diluted),1.84,1.72,1.01,2.96,-3.55,1.53,0.73,2.72,1.25,1.47,1.06,1.51,1.89,1.52,1.31,4.11,1.87,2.81,1.78,2.15,2.94,2.61,1.81,-1.13,2.92,2.48,1.85,4.72,2.98,2.61,2.09,4.59,3.01,3.50,2.35,5.51,0.02,4.12,2.29,5.73,Upgrade
EPS Growth,-,12.42%,38.36%,8.82%,-,4.08%,-31.13%,80.13%,-33.86%,-3.29%,-19.08%,-63.26%,1.07%,-45.91%,-26.40%,91.16%,-36.39%,7.66%,-1.66%,-,0.68%,5.24%,-2.16%,-,-2.01%,-4.98%,-11.48%,2.83%,-1.00%,-25.43%,-11.06%,-16.70%,14950.00%,-15.05%,2.62%,-3.84%,-99.46%,41.58%,-15.19%,11.70%,Upgrade
Free Cash Flow,"2,773","2,151","3,317","3,421","1,456",827,"2,870","2,017","2,075","1,937","4,385","5,079","3,457","2,879","3,739","2,806","2,938","2,510","4,145","3,242","3,290","1,291","3,709","4,768","2,790","2,718","3,136","2,292","3,362","2,464","4,600","4,300","3,300","3,000","2,700","5,100","2,754","2,700","2,400","5,400",Upgrade
Free Cash Flow Per Share,3.00,2.34,3.61,3.74,1.61,0.91,3.16,2.22,2.29,2.14,4.86,5.65,3.85,3.22,4.18,3.14,3.29,2.82,4.64,3.58,3.59,1.40,4.01,5.13,2.99,2.89,3.31,2.41,3.51,2.57,4.77,4.42,3.37,3.04,2.72,5.12,2.76,2.69,2.30,5.00,Upgrade
Gross Margin,54.39%,54.93%,52.69%,57.71%,52.67%,53.36%,51.67%,187.42%,46.38%,48.03%,46.27%,51.67%,48.01%,48.01%,45.08%,50.97%,46.24%,47.02%,44.23%,49.11%,46.93%,45.99%,43.24%,48.18%,45.95%,45.59%,42.81%,50.04%,46.88%,47.94%,46.48%,51.71%,48.94%,49.92%,48.25%,53.34%,48.55%,49.15%,46.89%,51.68%,Upgrade
Operating Margin,11.62%,15.66%,10.00%,21.72%,-29.81%,13.00%,6.58%,97.30%,10.40%,11.45%,8.72%,9.62%,11.94%,11.44%,2.61%,19.59%,8.70%,12.45%,10.45%,22.17%,17.84%,16.34%,8.56%,20.64%,15.64%,12.55%,8.53%,22.98%,16.88%,16.20%,8.19%,23.24%,18.31%,19.29%,15.10%,24.12%,20.03%,20.76%,13.41%,25.42%,Upgrade
Profit Margin,11.55%,10.23%,6.50%,16.24%,-22.78%,8.96%,5.16%,71.59%,6.41%,7.07%,5.39%,6.66%,9.66%,7.51%,6.69%,16.85%,9.27%,13.04%,8.75%,8.97%,14.36%,12.02%,8.80%,-4.68%,14.23%,12.08%,9.64%,20.67%,14.84%,12.38%,10.77%,20.23%,15.30%,16.57%,11.88%,22.74%,0.08%,16.98%,10.60%,22.33%,Upgrade
Free Cash Flow Margin,18.80%,13.90%,23.27%,20.50%,10.32%,5.32%,20.21%,61.89%,11.78%,10.33%,24.73%,24.94%,19.69%,15.89%,21.28%,12.89%,16.30%,13.10%,22.80%,14.90%,17.54%,6.45%,19.45%,21.15%,14.57%,14.09%,17.27%,10.53%,17.49%,12.17%,24.62%,19.49%,17.12%,14.41%,13.78%,21.15%,12.30%,11.08%,10.67%,19.50%,Upgrade
Effective Tax Rate,8.49%,20.95%,11.72%,13.38%,-,14.92%,-6.26%,14.19%,14.25%,14.63%,-5.64%,1.94%,7.01%,13.30%,-,8.11%,-9.92%,9.72%,15.35%,55.95%,10.15%,13.44%,-47.54%,123.56%,11.06%,4.54%,-23.10%,9.63%,12.53%,17.84%,-95.07%,12.51%,18.20%,16.52%,19.49%,22.27%,20.78%,20.00%,20.00%,11.16%,Upgrade
EBITDA,"3,378","3,499","2,499","4,762","-3,043","3,264","2,191","4,552","3,294","3,513","2,857","3,305","3,833","3,572","1,912","5,997","3,623","4,410","3,539","5,738","4,325","2,949","2,415","5,783","4,408","3,708","2,657","6,270","4,547","4,319","2,181","6,226","4,638","5,339","4,109","8,211","5,739","6,507","4,185","8,275",Upgrade
EBITDA Margin,22.90%,22.61%,17.53%,28.53%,-21.57%,21.01%,15.43%,139.67%,18.70%,18.74%,16.11%,16.23%,21.83%,19.71%,10.88%,27.54%,20.10%,23.02%,19.47%,26.37%,23.06%,14.74%,12.66%,25.65%,23.01%,19.22%,14.64%,28.80%,23.65%,21.34%,11.67%,28.22%,24.06%,25.65%,20.97%,34.05%,25.62%,26.71%,18.61%,29.87%,Upgrade
Depreciation & Amortization,"1,093","1,076","1,074","1,137","1,163","1,245","1,257","1,380","1,684","1,680","1,672","1,699","1,683","1,678","1,635","1,650","1,669","1,294","1,446","1,111","1,138","1,116","1,114","1,150","1,175","1,118","1,098","1,127","1,126","1,103","1,000","1,000",900,"1,000","1,000","1,000","1,139","1,200","1,100","1,200",Upgrade
EBIT,"2,285","2,423","1,425","3,625","-4,206","2,019",934,"3,172","1,610","1,833","1,185","1,606","2,150","1,894",277,"4,347","1,954","3,116","2,093","4,627","3,187","1,833","1,301","4,633","3,233","2,590","1,559","5,143","3,421","3,216","1,181","5,226","3,738","4,339","3,109","7,211","4,600","5,307","3,085","7,075",Upgrade
EBIT Margin,15.49%,15.66%,10.00%,21.72%,-29.81%,13.00%,6.58%,97.33%,9.14%,9.78%,6.68%,7.88%,12.24%,10.45%,1.58%,19.96%,10.84%,16.26%,11.51%,21.26%,16.99%,9.16%,6.82%,20.55%,16.88%,13.43%,8.59%,23.62%,17.79%,15.89%,6.32%,23.69%,19.39%,20.85%,15.87%,29.91%,20.54%,21.78%,13.72%,25.54%,Upgrade
