Quarter Ended,2023-09-30,2023-06-30,2023-03-31,2022-12-31,2022-09-30,2022-06-30,2022-03-31,2021-12-31,2021-09-30,2021-06-30,2021-03-31,2020-12-31,2020-09-30,2020-06-30,2020-03-31,2019-12-31,2019-09-30,2019-06-30,2019-03-31,2018-12-31,2018-09-30,2018-06-30,2018-03-31,2017-12-31,2017-09-30,2017-06-30,2017-03-31,2016-12-31,2016-09-30,2016-06-30,2016-03-31,2015-12-31,2015-09-30,2015-06-30,2015-03-31,2014-12-31,2014-09-30,2014-06-30,2014-03-31,2013-12-31,+113 Quarters
Revenue,"92,361","91,788","91,133","81,932","80,381","80,037","79,782","72,930","71,834","70,765","69,744","65,022","64,764","61,797","64,056","60,468","59,885","60,013","59,903","58,076","56,174","55,731","54,890","51,763","50,075","49,797","48,501","47,262","46,102","46,292","44,344","43,419","41,319","36,049","35,610","33,267","32,587","32,324","31,517","30,933",Upgrade
Revenue Growth (YoY),14.90%,14.68%,14.23%,12.34%,11.90%,13.10%,14.39%,12.16%,10.92%,14.51%,8.88%,7.53%,8.15%,2.97%,6.93%,4.12%,6.61%,7.68%,9.13%,12.20%,12.18%,11.92%,13.17%,9.52%,8.62%,7.57%,9.37%,8.85%,11.58%,28.41%,24.53%,30.52%,26.80%,11.52%,12.99%,7.55%,6.98%,6.99%,4.58%,8.21%,Upgrade
Cost of Revenue,"68,973","70,016","69,250","61,905","60,941","60,689","61,010","56,159","55,104","54,206","52,476","49,704","49,571","42,179","48,687","45,787","45,668","46,782","46,320","44,580","42,876","42,898","42,047","39,686","38,269","38,438","37,755","36,004","35,165","35,978","34,307","34,085","31,718","27,137","26,789","24,442","24,047","24,452","24,100","23,261",Upgrade
Gross Profit,"23,388","21,772","21,883","20,027","19,440","19,348","18,772","16,771","16,730","16,559","17,268","15,318","15,193","19,618","15,369","14,681","14,217","13,231","13,583","13,496","13,298","12,833","12,843","12,077","11,806","11,359","10,746","11,258","10,937","10,314","10,037","9,334","9,601","8,912","8,821","8,825","8,540","7,872","7,417","7,672",Upgrade
Other Operating Expenses,0,"14,830","14,595","13,991","12,491","12,511","12,189","12,043","11,521","11,137","10,981","12,246","10,893","10,718","10,738","10,019","9,669","9,069","9,156","9,340","9,090","8,984","9,088","8,398","7,965","7,884","7,555","8,344","7,548","7,304","7,260","6,694","6,753","6,231","6,327","6,226","5,809","5,570","5,554","5,404",Upgrade
Operating Expenses,"14,862","14,830","14,595","13,991","12,491","12,511","12,189","12,043","11,521","11,137","10,981","12,246","10,893","10,718","10,738","10,019","9,669","9,069","9,156","9,340","9,090","8,984","9,088","8,398","7,965","7,884","7,555","7,982","7,548","7,304","7,260","7,046","6,753","6,231","6,327","6,226","5,809","5,570","5,554","5,404",Upgrade
Operating Income,"8,526","8,057","8,086","6,891","7,462","7,132","6,950","5,541","5,712","5,978","6,739","3,517","4,651","9,241","4,996","5,095","5,014","4,744","4,832","4,497","4,590","4,204","4,053","3,977","4,088","3,731","3,413","3,537","3,580","3,203","2,960","2,468","3,018","2,895","2,640","2,765","2,903","2,552","2,054","2,452",Upgrade
Interest Expense,834,828,754,676,516,467,433,431,422,410,397,401,395,430,437,437,449,418,400,374,353,344,329,308,294,301,283,268,269,271,259,260,229,151,150,151,152,155,160,176,Upgrade
Other Expense / Income,197,183,163,147,122,129,121,120,105,106,116,140,84,59,83,127,91,92,90,124,96,88,88,104,76,66,19,24,10,6,16,34,21,-,-,-,-,-,-,-,Upgrade
Pretax Income,"7,692","7,229","7,332","6,215","6,946","6,665","6,517","5,110","5,290","5,568","6,342","3,116","4,256","8,811","4,559","4,658","4,565","4,326","4,432","4,123","4,237","3,860","3,724","3,669","3,794","3,430","3,130","3,269","3,311","2,932","2,701","2,208","2,789","2,744","2,490","2,614","2,751","2,397","1,894","2,276",Upgrade
Income Tax,"1,654","1,572","1,558","1,307","1,562","1,466","1,369",919,"1,099","1,196","1,364",764,"1,000","2,115","1,094",990,936,941,875,959,953,850,800,-52,"1,233","1,080",939,"1,341","1,333","1,172","1,074",956,"1,171","1,159","1,077","1,104","1,149",989,795,849,Upgrade
Net Income,"5,841","5,474","5,611","4,761","5,262","5,070","5,027","4,071","4,086","4,266","4,862","2,212","3,172","6,637","3,382","3,541","3,538","3,293","3,467","3,040","3,188","2,922","2,836","3,617","2,485","2,284","2,172","1,904","1,968","1,754","1,611","1,218","1,597","1,585","1,413","1,510","1,602","1,408","1,099","1,427",Upgrade
Net Income Growth,11.00%,7.97%,11.62%,16.95%,28.78%,18.85%,3.39%,84.04%,28.81%,-35.72%,43.76%,-37.53%,-10.34%,101.55%,-2.45%,16.48%,10.98%,12.70%,22.25%,-15.95%,28.29%,27.93%,30.57%,89.97%,26.27%,30.22%,34.82%,56.32%,23.23%,10.66%,14.01%,-19.34%,-0.31%,12.57%,28.57%,5.82%,2.04%,-1.95%,-7.80%,14.71%,Upgrade
Shares Outstanding (Basic),926,931,933,934,935,937,941,941,943,944,945,946,950,949,949,948,949,950,958,960,962,961,966,969,968,964,954,952,952,951,953,953,953,952,954,954,969,979,983,988,Upgrade
Shares Outstanding (Diluted),936,940,943,947,948,950,954,955,955,956,957,961,962,960,962,962,963,964,975,982,983,982,987,991,989,985,975,970,969,967,967,967,967,966,969,973,982,991,996,"1,014",Upgrade
Shares Change,-1.27%,-1.05%,-1.15%,-0.84%,-0.73%,-0.63%,-0.31%,-0.62%,-0.73%,-0.42%,-0.52%,-0.10%,-0.10%,-0.41%,-1.33%,-2.04%,-2.03%,-1.83%,-1.22%,-0.91%,-0.61%,-0.30%,1.23%,2.16%,2.06%,1.86%,0.83%,0.31%,0.21%,0.10%,-0.21%,-0.62%,-1.53%,-2.52%,-2.71%,-4.04%,-4.10%,-3.41%,-3.21%,-2.22%,Upgrade
EPS (Basic),6.31,5.88,6.01,5.10,5.63,5.41,5.47,4.33,4.33,4.52,5.14,2.34,3.34,6.99,3.56,3.74,3.73,3.47,3.62,3.17,3.31,3.04,2.94,3.73,2.57,2.37,2.28,2.00,2.07,1.84,1.69,1.28,1.68,1.66,1.48,1.58,1.65,1.44,1.12,1.44,Upgrade
EPS (Diluted),6.24,5.82,5.95,5.03,5.55,5.34,5.40,4.26,4.28,4.46,5.08,2.30,3.30,6.91,3.52,3.68,3.67,3.42,3.56,3.10,3.24,2.98,2.87,3.65,2.51,2.32,2.23,1.96,2.03,1.81,1.67,1.26,1.65,1.64,1.46,1.55,1.63,1.42,1.10,1.41,Upgrade
EPS Growth,12.43%,8.99%,10.19%,18.08%,29.67%,19.73%,6.30%,85.22%,29.70%,-35.46%,44.32%,-37.50%,-10.08%,102.05%,-1.12%,18.71%,13.27%,14.77%,24.04%,-15.07%,29.08%,28.45%,28.70%,86.22%,23.65%,28.18%,33.53%,55.56%,23.03%,10.37%,14.38%,-18.71%,1.23%,15.49%,32.73%,9.93%,6.54%,1.43%,-5.17%,17.50%,Upgrade
Free Cash Flow,"6,064","10,203","15,567","-5,399","17,825","6,214","4,764","2,523","6,951","4,978","5,437","5,527","2,570","9,552","2,474","5,555","2,706","5,459","2,672","1,838",396,"3,524","7,892","-3,209","7,080","1,753","5,949","-1,894","6,796","1,295","1,893","3,027","2,441",820,"1,896","2,103","2,795",651,"1,055",747,Upgrade
Free Cash Flow Per Share,6.48,10.85,16.51,-5.70,18.80,6.54,4.99,2.64,7.28,5.21,5.68,5.75,2.67,9.95,2.57,5.77,2.81,5.66,2.74,1.87,0.40,3.59,8.00,-3.24,7.16,1.78,6.10,-1.95,7.01,1.34,1.96,3.13,2.52,0.85,1.96,2.16,2.85,0.66,1.06,0.74,Upgrade
Gross Margin,25.32%,23.72%,24.01%,24.44%,24.18%,24.17%,23.53%,23.00%,23.29%,23.40%,24.76%,23.56%,23.46%,31.75%,23.99%,24.28%,23.74%,22.05%,22.67%,23.24%,23.67%,23.03%,23.40%,23.33%,23.58%,22.81%,22.16%,23.82%,23.72%,22.28%,22.63%,21.50%,23.24%,24.72%,24.77%,26.53%,26.21%,24.35%,23.53%,24.80%,Upgrade
Operating Margin,9.23%,8.78%,8.87%,8.41%,9.28%,8.91%,8.71%,7.60%,7.95%,8.45%,9.66%,5.41%,7.18%,14.95%,7.80%,8.43%,8.37%,7.90%,8.07%,7.74%,8.17%,7.54%,7.38%,7.68%,8.16%,7.49%,7.04%,7.48%,7.77%,6.92%,6.68%,5.68%,7.30%,8.03%,7.41%,8.31%,8.91%,7.90%,6.52%,7.93%,Upgrade
Profit Margin,6.32%,5.96%,6.16%,5.81%,6.55%,6.33%,6.30%,5.58%,5.69%,6.03%,6.97%,3.40%,4.90%,10.74%,5.28%,5.86%,5.91%,5.49%,5.79%,5.23%,5.68%,5.24%,5.17%,6.99%,4.96%,4.59%,4.48%,4.03%,4.27%,3.79%,3.63%,2.81%,3.87%,4.40%,3.97%,4.54%,4.92%,4.36%,3.49%,4.61%,Upgrade
Free Cash Flow Margin,6.57%,11.12%,17.08%,-6.59%,22.18%,7.76%,5.97%,3.46%,9.68%,7.03%,7.80%,8.50%,3.97%,15.46%,3.86%,9.19%,4.52%,9.10%,4.46%,3.16%,0.70%,6.32%,14.38%,-6.20%,14.14%,3.52%,12.27%,-4.01%,14.74%,2.80%,4.27%,6.97%,5.91%,2.27%,5.32%,6.32%,8.58%,2.01%,3.35%,2.41%,Upgrade
Effective Tax Rate,21.50%,21.75%,21.25%,21.03%,22.49%,22.00%,21.01%,17.98%,20.78%,21.48%,21.51%,24.52%,23.50%,24.00%,24.00%,21.25%,20.50%,21.75%,19.74%,23.26%,22.49%,22.02%,21.48%,-1.42%,32.50%,31.49%,30.00%,41.02%,40.26%,39.97%,39.76%,43.30%,41.99%,42.24%,43.25%,42.23%,41.77%,41.26%,41.97%,37.30%,Upgrade
EBITDA,"9,533","7,963","8,258","7,018","7,777","7,639","7,371","5,499","6,005","6,200","7,045","3,804","5,019","9,617","5,354","5,380","5,257","4,816","5,066","4,793","4,819","4,447","4,337","4,257","4,419","4,031","3,724","3,803","3,904","3,521","3,279","2,772","3,300","3,060","2,872","2,980","3,104","2,666","2,223","2,618",Upgrade
EBITDA Margin,10.32%,8.68%,9.06%,8.57%,9.68%,9.54%,9.24%,7.54%,8.36%,8.76%,10.10%,5.85%,7.75%,15.56%,8.36%,8.90%,8.78%,8.02%,8.46%,8.25%,8.58%,7.98%,7.90%,8.22%,8.82%,8.09%,7.68%,8.05%,8.47%,7.61%,7.39%,6.38%,7.99%,8.49%,8.07%,8.96%,9.53%,8.25%,7.05%,8.46%,Upgrade
Depreciation & Amortization,"1,007","1,021",970,982,828,802,788,771,796,778,758,732,719,717,723,718,709,654,639,637,611,598,582,578,578,556,533,527,515,511,502,484,452,379,378,381,373,364,360,350,Upgrade
EBIT,"8,526","6,942","7,288","6,036","6,949","6,837","6,583","4,728","5,209","5,422","6,287","3,072","4,300","8,900","4,631","4,662","4,548","4,162","4,427","4,156","4,208","3,849","3,755","3,679","3,841","3,475","3,191","3,276","3,389","3,010","2,777","2,288","2,848","2,681","2,494","2,599","2,731","2,302","1,863","2,268",Upgrade
EBIT Margin,9.23%,7.56%,8.00%,7.37%,8.65%,8.54%,8.25%,6.48%,7.25%,7.66%,9.01%,4.72%,6.64%,14.40%,7.23%,7.71%,7.59%,6.94%,7.39%,7.16%,7.49%,6.91%,6.84%,7.11%,7.67%,6.98%,6.58%,6.93%,7.35%,6.50%,6.26%,5.27%,6.89%,7.44%,7.00%,7.81%,8.38%,7.12%,5.91%,7.33%,Upgrade
